<record><leader>00000cas a22000007a 4500</leader><controlfield tag="001">12842702</controlfield><controlfield tag="008">851125d18911903inuwr ne      0    0eng d</controlfield><datafield ind1=" " ind2=" " tag="010"><subfield code="a">sn 85048184 </subfield></datafield><datafield ind1=" " ind2=" " tag="040"><subfield code="a">NPI</subfield><subfield code="b">eng</subfield><subfield code="c">NPI</subfield><subfield code="d">IUL</subfield><subfield code="d">OCLCQ</subfield><subfield code="d">OCLCF</subfield><subfield code="d">OCLCO</subfield></datafield><datafield ind1="1" ind2=" " tag="029"><subfield code="a">AU@</subfield><subfield code="b">000024687539</subfield></datafield><datafield ind1=" " ind2=" " tag="042"><subfield code="a">msc</subfield></datafield><datafield ind1=" " ind2=" " tag="043"><subfield code="a">n-us-in</subfield></datafield><datafield ind1="0" ind2=" " tag="130"><subfield code="a">Tuesday Republican (Rushville, Ind.)</subfield></datafield><datafield ind1="1" ind2="4" tag="245"><subfield code="a">The Tuesday Republican.</subfield></datafield><datafield ind1=" " ind2=" " tag="260"><subfield code="a">Rushville, Ind. :</subfield><subfield code="b">Republican Co.,</subfield><subfield code="c">1891-1903.</subfield></datafield><datafield ind1=" " ind2=" " tag="300"><subfield code="a">v. :</subfield><subfield code="b">ill. ;</subfield><subfield code="c">61 cm.</subfield></datafield><datafield ind1=" " ind2=" " tag="310"><subfield code="a">Weekly</subfield></datafield><datafield ind1="0" ind2=" " tag="362"><subfield code="a">51st year, no. 50 (Dec. 8, 1891)-63rd year, no. 31 (July 28, 1903).</subfield></datafield><datafield ind1=" " ind2=" " tag="515"><subfield code="a">Both "Tuesday Republican" and "Friday Republican" carried the same volume and issue numbers each week, although the dates were different.</subfield></datafield><datafield ind1=" " ind2=" " tag="580"><subfield code="a">Published also in a companion edition: Friday Republican (Rushville, Ind.).</subfield></datafield><datafield ind1=" " ind2="0" tag="651"><subfield code="a">Rushville (Ind.)</subfield><subfield code="v">Newspapers.</subfield></datafield><datafield ind1=" " ind2="7" tag="655"><subfield code="a">Newspapers.</subfield><subfield code="2">fast</subfield><subfield code="0">(OCoLC)fst01423814</subfield></datafield><datafield ind1=" " ind2="7" tag="651"><subfield code="a">Indiana</subfield><subfield code="z">Rushville.</subfield><subfield code="2">fast</subfield><subfield code="0">(OCoLC)fst01249137</subfield></datafield><datafield ind1=" " ind2=" " tag="752"><subfield code="a">United States</subfield><subfield code="b">Indiana</subfield><subfield code="c">Rush</subfield><subfield code="d">Rushville.</subfield></datafield><datafield ind1="1" ind2=" " tag="775"><subfield code="t">Friday Republican (Rushville, Ind.)</subfield><subfield code="w">(DLC)sn 85048182</subfield></datafield><datafield ind1="0" ind2="0" tag="780"><subfield code="t">Rushville Republican (Rushville, Ind. : 1887 : Weekly)</subfield><subfield code="w">(DLC)sn 85048188</subfield></datafield><datafield ind1="0" ind2="0" tag="785"><subfield code="t">Rushville Republican (Rushville, Ind. : 1903 : Semiweekly)</subfield><subfield code="w">(DLC)sn 85048192</subfield></datafield></record>